<record><leader>00000cas a2200000 i 4500</leader><controlfield tag="001">959928963</controlfield><controlfield tag="006">m     o  d        </controlfield><controlfield tag="007">cr |||||||||||</controlfield><controlfield tag="008">161005d18991903iaucr neo     0   a0eng  </controlfield><datafield ind1=" " ind2=" " tag="010"><subfield code="a">  2016271188</subfield></datafield><datafield ind1=" " ind2=" " tag="040"><subfield code="a">DLC</subfield><subfield code="b">eng</subfield><subfield code="e">rda</subfield><subfield code="c">DLC</subfield><subfield code="d">DLC</subfield></datafield><datafield ind1="0" ind2=" " tag="022"><subfield code="a">2474-5553</subfield><subfield code="2">1</subfield></datafield><datafield ind1=" " ind2=" " tag="042"><subfield code="a">pcc</subfield><subfield code="a">nsdp</subfield></datafield><datafield ind1=" " ind2=" " tag="043"><subfield code="a">n-us-ia</subfield></datafield><datafield ind1="1" ind2="0" tag="050"><subfield code="a">ISSN RECORD</subfield></datafield><datafield ind1="1" ind2="0" tag="082"><subfield code="a">071</subfield><subfield code="2">23</subfield></datafield><datafield ind1=" " ind2="0" tag="222"><subfield code="a">Ottumwa semi-weekly courier</subfield><subfield code="b">(Online)</subfield></datafield><datafield ind1="0" ind2="0" tag="245"><subfield code="a">Ottumwa semi-weekly courier.</subfield></datafield><datafield ind1="1" ind2="3" tag="246"><subfield code="a">Weekly courier</subfield></datafield><datafield ind1="1" ind2="3" tag="246"><subfield code="a">Semi-weekly courier</subfield></datafield><datafield ind1=" " ind2="1" tag="264"><subfield code="a">Ottumwa, Wapello County, Iowa :</subfield><subfield code="b">A. W. Lee,</subfield><subfield code="c">1899-1903.</subfield></datafield><datafield ind1=" " ind2=" " tag="300"><subfield code="a">1 online resource</subfield></datafield><datafield ind1=" " ind2=" " tag="310"><subfield code="a">Semiweekly</subfield></datafield><datafield ind1=" " ind2=" " tag="336"><subfield code="a">text</subfield><subfield code="b">txt</subfield><subfield code="2">rdacontent</subfield></datafield><datafield ind1=" " ind2=" " tag="337"><subfield code="a">computer</subfield><subfield code="b">c</subfield><subfield code="2">rdamedia</subfield></datafield><datafield ind1=" " ind2=" " tag="338"><subfield code="a">online resource</subfield><subfield code="b">cr</subfield><subfield code="2">rdacarrier</subfield></datafield><datafield ind1="1" ind2=" " tag="362"><subfield code="a">Began with Volume 51, number 3[7] (August 1, 1899); ceased with volume 55, number 58 (October 15, 1903).</subfield></datafield><datafield ind1=" " ind2=" " tag="500"><subfield code="a">Publisher: The Courier Printing Co., &lt;January 1&gt;-October 15, 1903.</subfield></datafield><datafield ind1=" " ind2=" " tag="588"><subfield code="a">Description based on: Vol. 51, no. 37 (August 1, 1899); title from masthead (Chroniclingamerica.loc.gov, viewed October 5, 2016).</subfield></datafield><datafield ind1=" " ind2=" " tag="588"><subfield code="a">Latest issue consulted: Volume 55, number 58 (October 15, 1903) (Chroniclingamerica.loc.gov, viewed October 5, 2016).</subfield></datafield><datafield ind1=" " ind2="0" tag="651"><subfield code="a">Ottumwa (Iowa)</subfield><subfield code="v">Newspapers.</subfield></datafield><datafield ind1=" " ind2="7" tag="651"><subfield code="a">Iowa</subfield><subfield code="z">Ottumwa.</subfield><subfield code="2">fast</subfield><subfield code="0">(OCoLC)fst01218596</subfield></datafield><datafield ind1=" " ind2="7" tag="655"><subfield code="a">Newspapers.</subfield><subfield code="2">fast</subfield><subfield code="0">(OCoLC)fst01423814</subfield></datafield><datafield ind1=" " ind2=" " tag="752"><subfield code="a">United States</subfield><subfield code="b">Iowa</subfield><subfield code="c">Wapello</subfield><subfield code="d">Ottumwa.</subfield></datafield><datafield ind1="0" ind2=" " tag="775"><subfield code="t">Ottumwa daily courier</subfield></datafield><datafield ind1="0" ind2="8" tag="776"><subfield code="i">Originally issued in print:</subfield><subfield code="t">Ottumwa semi-weekly courier</subfield><subfield code="x">2474-5545</subfield><subfield code="w">(DLC)sn 86061214</subfield><subfield code="w">(OCoLC)14941951</subfield></datafield><datafield ind1="0" ind2="0" tag="780"><subfield code="t">Ottumwa weekly courier</subfield></datafield><datafield ind1="0" ind2="0" tag="785"><subfield code="t">Ottumwa tri-weekly courier</subfield><subfield code="x">2375-3285</subfield></datafield><datafield ind1="4" ind2="0" tag="856"><subfield code="u">http://chroniclingamerica.loc.gov/lccn/sn86061214/issues/</subfield></datafield></record>